07700000         253914002000152                    0000190000342425331 FURQUIM FISIOTERAPIA LTDA     BANCO INTER                             10808202511150600000310701600                                                                     
07700011C3045046 253914002000152                    0000190000342425331 FURQUIM FISIOTERAPIA LTDA                                             RUA DO SOL                    00368               CURITIBA            81910350PR                  
0770001300001A0000000000000000000000000000 FABIO AUGUSTO FURQUIM         PAG1                08082025BRL000000000000000000000000000001                            000000000000000                                                               
0770001300002B02 100000000000000                                                                                               fabiofurquim@gmail.com                                                                                   00000000
0770001300003A0000000000000000000000000000 FRANCIELE MACHADO MIRANDA FURQPAG2                08082025BRL000000000000000000000000000002                            000000000000000                                                               
0770001300004B02 100000000000000                                                                                               franmachadomiranda@gmail.com                                                                             00000000
07700015         000006000000000000000003000000000000000000                                                                                                                                                                                     
07799999         000001000008                                                                                                                                                                                                                   
